@article{hale2020persistent,
  title     = {Persistent, mobile and toxic {PMT)} and very persistent and very mobile {(vPvM)} substances pose an equivalent level of concern to persistent, bioaccumulative and toxic (PBT) and very persistent and very bioaccumulative {(vPvB)} substances under REACH},
  author    = {Hale, Sarah E and Arp, Hans Peter H and Schliebner, Ivo and Neumann, Michael},
  journal   = {Environmental Sciences Europe},
  volume    = {32},
  number    = {1},
  pages     = {1--15},
  year      = {2020},
  publisher = {SpringerOpen}
}

@misc{hale2022introducing,
  title     = {Introducing the EU project ZeroPM: zero pollution of persistent, mobile substances},
  author    = {Hale, Sarah E and Kalantzi, Olga I and Arp, Hans Peter H},
  journal   = {Environmental Sciences Europe},
  volume    = {34},
  number    = {1},
  pages     = {1--3},
  year      = {2022},
  publisher = {SpringerOpen}
}

@article{zurek2007linking,
  title     = {Linking scenarios across geographical scales in international environmental assessments},
  author    = {Zurek, Monika B and Henrichs, Thomas},
  journal   = {Technological forecasting and social change},
  volume    = {74},
  number    = {8},
  pages     = {1282--1295},
  year      = {2007},
  publisher = {Elsevier}
}

@article{kolpin2002pharmaceuticals,
  title     = {Pharmaceuticals, hormones, and other organic wastewater contaminants in US streams, 1999- 2000: A national reconnaissance},
  author    = {Kolpin, Dana W and Furlong, Edward T and Meyer, Michael T and Thurman, E Michael and Zaugg, Steven D and Barber, Larry B and Buxton, Herbert T},
  journal   = {Environmental science and technology},
  volume    = {36},
  series    = {222},
  number    = {6},
  pages     = {1202--1211},
  year      = {2002},
  publisher = {ACS Publications}
}

@article{zuccato2008illicit,
  title     = {Illicit drugs, a novel group of environmental contaminants},
  author    = {Zuccato, Ettore and Castiglioni, Sara and Bagnati, Renzo and Chiabrando, Chiara and Grassi, Paola and Fanelli, Roberto},
  journal   = {Water research},
  volume    = {42},
  number    = {4-5},
  pages     = {961--968},
  year      = {2008},
  publisher = {Elsevier}
}